@inproceedings {Opinosis,
   title = {Opinosis: A Graph Based Approach to Abstractive Summarization of Highly Redundant Opinions},
   booktitle = {Proceedings of the 23rd International Conference on Computational Linguistics (COLING {\textquoteright}10)},
   year = {2010},
   author = {Kavita Ganesan and Cheng Xiang Zhai and Jiawei Han}
}

% INTRODUCTION / BACKGROUND ARTICLES

@article{Likert,
    author = {Rensis Likert},
    journal = {Archives of Psychology},
    number = {140},
    pages = {1--55},
    priority = {2},
    title = {A technique for the measurement of attitudes.},
    volume = {22},
    year = {1932}
}

@article{Wagner,
 author = {Robert A. Wagner and Michael J. Fischer},
 title = {The String-to-String Correction Problem},
 journal = {J. ACM},
 issue_date = {Jan. 1974},
 volume = {21},
 number = {1},
 month = jan,
 year = {1974},
 issn = {0004-5411},
 pages = {168--173},
 numpages = {6},
 publisher = {ACM}
} 

% DATA SOURCES



% BOOKS

@book{ACP3,
 author = {Knuth, Donald E.},
 title = {The Art of Computer Programming, vol. 3: Sorting and Searching},
 edition = {2nd},
 year = {1998},
 isbn = {0-201-89685-0},
 publisher = {Addison Wesley Longman Publishing Co., Inc.},
 address = {Redwood City, CA, USA},
} 



@book{nielson1999,
  title={Principles of program analysis},
  author={Nielson, F. and Nielson, H.R. and Hankin, C.},
  isbn={9783540654100},
  lccn={99047677},
  url={http://books.google.com/books?id=RLjt0xSj8DcC},
  year={1999},
  publisher={Springer}
}

@book{cs,
 author = {van Eijck, Jan and Unger, Christina},
 title = {Computational Semantics with Functional Programming},
 year = {2010},
 isbn = {0521760305, 9780521760300},
 edition = {1st},
 publisher = {Cambridge University Press},
 address = {New York, NY, USA},
} 


% ARTICLES : 

% - CCG
@inproceedings{robustCCG,
    author = {Julia Hockenmaier and Gann Bierner and Jason Baldridge},
    title = {{Providing Robustness for a CCG System}},
    booktitle = {Proceedings of the Workshop on Linquistic Theory and Grammar Implementation, ESSLLI},
    year = {2000},
    pages = {97--112},
    publisher = {}
}

@ARTICLE{ectendingCCG,
    author = {Julia Hockenmaier and Gann Bierner and Jason Baldridge},
    title = {Extending the coverage of a CCG system},
    journal = {Journal of Language and Computation},
    year = {2004},
    volume = {2},
    pages = {165--208}
}

@article{nlpNotCFG,
    author = {Stuart M. Shieber},
    journal = {Linguistics and Philosophy},
    number = {3},
    pages = {333--343},
    title = {{Evidence against the context-freeness of natural language}},
    volume = {8},
    year = {1985}
}

@article{nlpNotCFG2,    
    author = {J. Bresnan and R. M. Kaplan and S. Peters and A. Zaenen},
    journal = {Linguistic Inquiry},
    number = {fall},
    pages = {613-635+},
    priority = {2},
    title = {{Cross-Serial Dependencies in Dutch}},
    volume = {13},
    year = {1982}
}

@MISC{mildlyCSG,
    author = {Aravind K. Joshi and K. Vijay Shanker and David Weir},
    title = {The Convergence Of Mildly Context-Sensitive Grammar Formalisms},
    year = {1990}
}

@article{theEquivalence,
    author = {K. Vijay-Shanker and David J. Weir},
    title = {The Equivalence Of Four Extensions Of Context-Free Grammars},
    journal = {Mathematical Systems Theory},
    year = {1994},
    volume = {27},
    pages = {27--511}
}

@article{tag,
  title = "Tree adjunct grammars",
  journal = "Journal of Computer and System Sciences",
  volume = "10",
  number = "1",
  pages = "136--163",
  year = "1975",
  author = "Aravind K. Joshi and Leon S. Levy and Masako Takahashi"
}

@phdthesis{hg, 
  journal={PhD dissertation Stanford University Rounds WC}, 
  author={Pollard, Carl},
  year={1984}, 
  pages={0}
}

@MISC{steedmanDraft,
    author = {Mark Steedman},
    title = {Categorial Grammar},
    year = {1998}
}
@Book{sp,
  author =   "Mark Steedman",
  title =  "The Syntactic Process",
  publisher =  "The MIT Press",
  year =   2000,
  ISBN =   "0-262-69268-6"
}

% - Lexicons
@article{ccgBank,
 author = {Hockenmaier, Julia and Steedman, Mark},
 title = {{CCGbank: A Corpus of CCG Derivations and Dependency Structures Extracted from the Penn Treebank}},
 journal = {Computational Linguistics}, 
 volume = {33},
 number = {3},
 year = {2007},
 pages = {355--396},
 numpages = {42},
 publisher = {MIT Press},
 address = {Cambridge, MA, USA},
} 

@article{pennTreebank,
 author = {Marcus, Mitchell P. and Marcinkiewicz, Mary Ann and Santorini, Beatrice},
 title = {Building a large annotated corpus of {E}nglish: the {P}enn {T}reebank},
 journal = {Computational Linguistics}, 
 volume = {19},
 number = {2},
 year = {1993},
 pages = {313--330},
 numpages = {18},,
 publisher = {MIT Press},
 address = {Cambridge, MA, USA},
} 

@inproceedings{wsjCorpus,
 author = {Paul, Douglas B. and Baker, Janet M.},
 title = {The design for the {W}all {S}treet {J}ournal-based {CSR} corpus},
 booktitle = {{Proceedings of the workshop on Speech and Natural Language}},
 year = {1992},
 isbn = {1-55860-272-0},
 location = {Harriman, New York},
 pages = {357--362},
 numpages = {6},
 publisher = {{Association for Computational Linguistics}},
 address = {{Stroudsburg, PA, USA}},
} 

@techreport{brown,
  author = {W. Nelson Francis and Henry Kucera},
  institution = {Department of Linguistics, Brown University, Providence, Rhode Island, US},
  keywords = {corpus linguistics text-mining},
  title = {Brown Corpus Manual},
  year = 1979
}


